@inproceedings{FrahlingIS05,
 author = {Frahling, Gereon and Indyk, Piotr and Sohler, Christian},
 title = {Sampling in dynamic data streams and applications},
 booktitle = {Proceedings of the twenty-first annual symposium on Computational geometry},
 series = {SCG '05},
 year = {2005},
 isbn = {1-58113-991-8},
 location = {Pisa, Italy},
 pages = {142--149},
 numpages = {8},
 url = {http://doi.acm.org/10.1145/1064092.1064116},
 doi = {http://doi.acm.org/10.1145/1064092.1064116},
 acmid = {1064116},
 publisher = {ACM},
 address = {New York, NY, USA},
 keywords = {computational geometry, data structures, streaming algorithms},
} 



@inproceedings{KaneNW10,
 author = {Kane, Daniel M. and Nelson, Jelani and Woodruff, David P.},
 title = {An optimal algorithm for the distinct elements problem},
 booktitle = {Proceedings of the twenty-ninth ACM SIGMOD-SIGACT-SIGART symposium on Principles of database systems of data},
 series = {PODS '10},
 year = {2010},
 isbn = {978-1-4503-0033-9},
 location = {Indianapolis, Indiana, USA},
 pages = {41--52},
 numpages = {12},
 url = {http://doi.acm.org/10.1145/1807085.1807094},
 doi = {http://doi.acm.org/10.1145/1807085.1807094},
 acmid = {1807094},
 publisher = {ACM},
 address = {New York, NY, USA},
 keywords = {data mining, distinct elements, query optimization, streaming},
} 



@inproceedings{WoodruffJ11,
author = {Woodruff, David and Jayram, T. S.},
title = {Optimal Bounds for Johnson-Lindenstrauss Transforms and Streaming Problems with Low Error},
year = {2011},
  booktitle = {SODA},
  year      = {2011},
}


@book{Knuth69,
  author    = {Donald E. Knuth},
  title     = {The Art of Computer Programming, Volume II: Seminumerical
               Algorithms},
  publisher = {Addison-Wesley},
  year      = {1969},
  bibsource = {DBLP, http://dblp.uni-trier.de}
}

@article{CormodeM05,
  author    = {Graham Cormode and
               S. Muthukrishnan},
  title     = {An improved data stream summary: the count-min sketch and
               its applications},
  journal   = {J. Algorithms},
  volume    = {55},
  number    = {1},
  year      = {2005},
  pages     = {58-75},
  ee        = {http://dx.doi.org/10.1016/j.jalgor.2003.12.001},
  bibsource = {DBLP, http://dblp.uni-trier.de}
}


@article{CharikarCF04,
  author    = {Moses Charikar and
               Kevin Chen and
               Martin Farach-Colton},
  title     = {Finding frequent items in data streams},
  journal   = {Theor. Comput. Sci.},
  volume    = {312},
  number    = {1},
  year      = {2004},
  pages     = {3-15},
  ee        = {http://dx.doi.org/10.1016/S0304-3975(03)00400-6},
  bibsource = {DBLP, http://dblp.uni-trier.de}
}

@inproceedings{BerindeCIS09,
  author    = {Radu Berinde and
               Graham Cormode and
               Piotr Indyk and
               Martin J. Strauss},
  title     = {Space-optimal heavy hitters with strong error bounds},
  booktitle = {PODS},
  year      = {2009},
  pages     = {157-166},
  ee        = {http://doi.acm.org/10.1145/1559795.1559819},
  crossref  = {DBLP:conf/pods/2009},
  bibsource = {DBLP, http://dblp.uni-trier.de}
}


@inproceedings{BaIPW10,
  author    = {Khanh Do Ba and
               Piotr Indyk and
               Eric Price and
               David P. Woodruff},
  title     = {Lower Bounds for Sparse Recovery},
  booktitle = {SODA},
  year      = {2010},
  pages     = {1190-1197},
  ee        = {http://www.siam.org/proceedings/soda/2010/SODA10_095_dobak.pdf},
  crossref  = {DBLP:conf/soda/2010},
  bibsource = {DBLP, http://dblp.uni-trier.de}
}

@inproceedings{GilbertI10,
author		={ Anna Gilbert and Piotr Indyk},
title		={Sparse Recovery Using Sparse Matrices},
booktitle   ={Proceeding of IEEE},
ee        = {http://people.csail.mit.edu/indyk/survey-10.pdf},
year		={2010}
}

@inproceedings{MetwallyAA05,
  author    = {Ahmed Metwally and
               Divyakant Agrawal and
               Amr El Abbadi},
  title     = {Duplicate detection in click streams},
  booktitle = {WWW},
  year      = {2005},
  pages     = {12-21},
  ee        = {http://doi.acm.org/10.1145/1060745.1060753},
  crossref  = {DBLP:conf/www/2005},
  bibsource = {DBLP, http://dblp.uni-trier.de}
}


@inproceedings{CohenDKLT09,
  author    = {Edith Cohen and
               Nick G. Duffield and
               Haim Kaplan and
               Carsten Lund and
               Mikkel Thorup},
  title     = {Stream sampling for variance-optimal estimation of subset
               sums},
  booktitle = {SODA},
  year      = {2009},
  pages     = {1255-1264},
  ee        = {http://doi.acm.org/10.1145/1496770.1496906},
  crossref  = {DBLP:conf/soda/2009},
  bibsource = {DBLP, http://dblp.uni-trier.de}
}


@inproceedings{CormodeMYZ10,
  author    = {Graham Cormode and
               S. Muthukrishnan and
               Ke Yi and
               Qin Zhang},
  title     = {Optimal sampling from distributed streams},
  booktitle = {PODS},
  year      = {2010},
  pages     = {77-86},
  ee        = {http://doi.acm.org/10.1145/1807085.1807099},
  crossref  = {DBLP:conf/pods/2010},
  bibsource = {DBLP, http://dblp.uni-trier.de}
}


@inproceedings{CormodeMR05,
  author    = {Graham Cormode and
               S. Muthukrishnan and
               Irina Rozenbaum},
  title     = {Summarizing and Mining Inverse Distributions on Data Streams
               via Dynamic Inverse Sampling},
  booktitle = {VLDB},
  year      = {2005},
  pages     = {25-36},
  ee        = {http://www.vldb2005.org/program/paper/tue/p25-cormode.pdf},
  crossref  = {DBLP:conf/vldb/2005},
  bibsource = {DBLP, http://dblp.uni-trier.de}
}

@inproceedings{BravermanOZ09,
  author    = {Vladimir Braverman and
               Rafail Ostrovsky and
               Carlo Zaniolo},
  title     = {Optimal sampling from sliding windows},
  booktitle = {PODS},
  year      = {2009},
  pages     = {147-156},
  ee        = {http://doi.acm.org/10.1145/1559795.1559818},
  crossref  = {DBLP:conf/pods/2009},
  bibsource = {DBLP, http://dblp.uni-trier.de}
}

@inproceedings{BabcockDM02,
  author    = {Brian Babcock and
               Mayur Datar and
               Rajeev Motwani},
  title     = {Sampling from a moving window over streaming data},
  booktitle = {SODA},
  year      = {2002},
  pages     = {633-634},
  ee        = {http://doi.acm.org/10.1145/545381.545465},
  bibsource = {DBLP, http://dblp.uni-trier.de}
}

@inproceedings{JayramW09,
  author    = {T. S. Jayram and
               David P. Woodruff},
  title     = {The Data Stream Space Complexity of Cascaded Norms},
  booktitle = {FOCS},
  year      = {2009},
  pages     = {765-774},
  ee        = {http://doi.ieeecomputersociety.org/10.1109/FOCS.2009.82},
  crossref  = {DBLP:conf/focs/2009},
  bibsource = {DBLP, http://dblp.uni-trier.de}
}

@inproceedings{MonemizadehW10,
  author    = {Morteza Monemizadeh and
               David P. Woodruff},
  title     = {1-Pass Relative-Error L$_{\mbox{p}}$-Sampling with Applications},
  booktitle = {SODA},
  year      = {2010},
  pages     = {1143-1160},
  ee        = {http://www.siam.org/proceedings/soda/2010/SODA10_092_monemizadehm.pdf},
  crossref  = {DBLP:conf/soda/2010},
  bibsource = {DBLP, http://dblp.uni-trier.de}
}




@article{DuffieldLT07,
  author    = {Nick G. Duffield and
               Carsten Lund and
               Mikkel Thorup},
  title     = {Priority sampling for estimation of arbitrary subset sums},
  journal   = {J. ACM},
  volume    = {54},
  number    = {6},
  year      = {2007},
  ee        = {http://doi.acm.org/10.1145/1314690.1314696},
  bibsource = {DBLP, http://dblp.uni-trier.de}
}


@inproceedings{TardosZwick,
	author = {Tardos, Gabor and Zwick, Uri},
	title = {The Communication Complexity of the Universal Relation},
	booktitle = {Proceedings of the 12th Annual IEEE Conference on Computational Complexity},
	year = {1997},
	isbn = {0-8186-7907-7},
	pages = {247--},
url = {http://portal.acm.org/citation.cfm?id=791230.792294},
	acmid = {792294},
	publisher = {IEEE Computer Society},
	address = {Washington, DC, USA},
	keywords = {communication complexity, protocols},
}

@phdthesis{Karchmer,
	author = {Karchmer, Mauricio},
	title = {A New Approach to Circuit Depth},
	school = {MIT},
	year = {1989},
}

@inproceedings{KarchmerWigderson,
 author = {Karchmer, Mauricio and Wigderson, Avi},
 title = {Monotone circuits for connectivity require super-logarithmic depth},
 booktitle = {Proceedings of the twentieth annual ACM symposium on Theory of computing},
 series = {STOC '88},
 year = {1988},
 isbn = {0-89791-264-0},
 location = {Chicago, Illinois, United States},
 pages = {539--550},
 numpages = {12},
 url = {http://doi.acm.org/10.1145/62212.62265},
 doi = {http://doi.acm.org/10.1145/62212.62265},
 acmid = {62265},
 publisher = {ACM},
 address = {New York, NY, USA},
}

@article{Sen,
author = {Pranab Sen},
title = {Lower bounds for predecessor searching in the cell probe model},
journal ={Computational Complexity, Annual IEEE Conference on},
volume = {0},
issn = {1093-0159},
year = {2003},
pages = {73},
doi = {http://doi.ieeecomputersociety.org/10.1109/CCC.2003.1214411},
publisher = {IEEE Computer Society},
address = {Los Alamitos, CA, USA},
}

@unpublished{AndoniKO10,
author = {Andoni, Alex and Krauthgamer, Robert and Onak, Krzysztof},
title = {Streaming Algorithms via Precision Sampling},
year = {2010},
note = {Manuscript}
}



@unpublished{KaneNPW,
author = {Kane, Daniel M. and Nelson, Jelani and Porat, Ely and Woodruff David P.},
title = {Fast Moment Estimation in Data Streams in Optimal Space},
year = {2010},
note = {Manuscript}
}

@mastersthesis{Smirnov,
author = {Smirnov, D. V.},
title = {Shannon's Information Methods for Lower Bounds for Probabilistic Communication Complexity},
school = {Moscow University},
year = {1988},
}

@inproceedings{MiltersenNSW,
 author = {Miltersen, Peter Bro and Nisan, Noam and Safra, Shmuel and Wigderson, Avi},
 title = {On data structures and asymmetric communication complexity},
 booktitle = {Proceedings of the twenty-seventh annual ACM symposium on Theory of computing},
 series = {STOC '95},
 year = {1995},
 isbn = {0-89791-718-9},
 location = {Las Vegas, Nevada, United States},
 pages = {103--111},
 numpages = {9},
 url = {http://doi.acm.org/10.1145/225058.225093},
 doi = {http://doi.acm.org/10.1145/225058.225093},
 acmid = {225093},
 publisher = {ACM},
 address = {New York, NY, USA},
} 


@inproceedings{GopalanJaikumar,
 author = {Gopalan, Parikshit and Radhakrishnan, Jaikumar},
 title = {Finding duplicates in a data stream},
 booktitle = {Proceedings of the twentieth Annual ACM-SIAM Symposium on Discrete Algorithms},
 series = {SODA '09},
 year = {2009},
 location = {New York, New York},
 pages = {402--411},
 numpages = {10},
 url = {http://portal.acm.org/citation.cfm?id=1496770.1496815},
 acmid = {1496815},
 publisher = {Society for Industrial and Applied Mathematics},
 address = {Philadelphia, PA, USA},
}

@incollection {Tarui,
   author = {Tarui, Jun},
   affiliation = {Department of Info and Comm Eng, University of Electro-Comm, Chofu, Tokyo 182-8585 Japan},
   title = {Finding a Duplicate and a Missing Item in a Stream},
   booktitle = {Theory and Applications of Models of Computation},
   series = {Lecture Notes in Computer Science},
   editor = {Cai, Jin-Yi and Cooper, S. and Zhu, Hong},
   publisher = {Springer Berlin / Heidelberg},
   isbn = {},
   pages = {128-135},
   volume = {4484},
   year = {2007}
}


@inproceedings{KaneNW10,
  author    = {Daniel M. Kane and
               Jelani Nelson and
               David P. Woodruff},
  title     = {On the Exact Space Complexity of Sketching and Streaming
               Small Norms},
  booktitle = {SODA},
  year      = {2010},
  pages     = {1161-1178},
  ee        = {http://www.siam.org/proceedings/soda/2010/SODA10_093_kaned.pdf},
  crossref  = {DBLP:conf/soda/2010},
  bibsource = {DBLP, http://dblp.uni-trier.de}
}

@inproceedings{Nisan,
 author = {Nisan, N.},
 title = {Pseudorandom generators for space-bounded computations},
 booktitle = {Proceedings of the twenty-second annual ACM symposium on Theory of computing},
 series = {STOC '90},
 year = {1990},
 isbn = {0-89791-361-2},
 location = {Baltimore, Maryland, United States},
 pages = {204--212},
 numpages = {9},
 url = {http://doi.acm.org/10.1145/100216.100242},
 doi = {http://doi.acm.org/10.1145/100216.100242},
 acmid = {100242},
 publisher = {ACM},
 address = {New York, NY, USA},
} 



@book{Muthukrishnan,
author = {Muthukrishnan, S.},
title = {Data Streams: Algorithms and Applications},
}